<?xml version="1.0" encoding="UTF-8"?><collection xmlns="http://www.loc.gov/MARC21/slim"><record><leader>00558nam--2200193-u-4500</leader><controlfield tag="001">000054920</controlfield><controlfield tag="002">20161230</controlfield><controlfield tag="005">20161230201051</controlfield><controlfield tag="008">120703s1000------------r-----000-0-rus-d</controlfield><datafield ind1=" " ind2=" " tag="040"><subfield code="a">IFIN-HH</subfield></datafield><datafield ind1=" " ind2=" " tag="041"><subfield code="a">rus</subfield></datafield><datafield ind1=" " ind2=" " tag="080"><subfield code="a">546.799(08):539.183.2(08)</subfield></datafield><datafield ind1="1" ind2=" " tag="100"><subfield code="a">Gorbacev, V.M</subfield></datafield><datafield ind1="1" ind2="0" tag="245"><subfield code="a">Osnovnie harakteristiki izotopov tiajelih elementov</subfield><subfield code="b">Izdanie vtoroe spravocenik</subfield><subfield code="c">V.m. gorbacev, yu.s. zamiatnin, a.a.lbov</subfield></datafield><datafield ind1=" " ind2=" " tag="260"><subfield code="a">Moskva</subfield><subfield code="b">Atomizdat</subfield><subfield code="c">1975</subfield></datafield><datafield ind1=" " ind2=" " tag="300"><subfield code="a">206P</subfield></datafield><datafield ind1="1" ind2=" " tag="700"><subfield code="a">Lbov, A.A</subfield></datafield><datafield ind1=" " ind2=" " tag="852"><subfield code="a">43639</subfield><subfield code="c">539.18</subfield></datafield><datafield ind1=" " ind2=" " tag="CAT"><subfield code="a">Sys</subfield><subfield code="c">20120703</subfield><subfield code="h">143403</subfield></datafield></record></collection>